[gd_scene load_steps=5 format=2]

[ext_resource path="res://icon.png" type="Texture" id=1]

[sub_resource type="GDScript" id=1]
script/source = "extends Sprite

var foot:Node2D = null
export var turnRate = (45.0 /360.0) * TAU

func _ready():
	foot = get_node(\"../floor/foot\")

func _physics_process(delta):
	var turn = foot.global_rotation
	if Input.is_action_just_pressed(\"ui_left\"):
		turn = turn - (turnRate * delta)
	if Input.is_action_just_pressed(\"ui_right\"):
		turn = turn + (turnRate * delta)
	rotation = turn
	foot.global_rotation = turn

"

[sub_resource type="GDScript" id=2]
script/source = "extends Button

var rotationValue = null

func _ready():
	update_value(get_node(\"../HSlider\").value)


func _on_HSlider_value_changed(value):
	update_value(value)
	pass # Replace with function body.


func update_value(value):
	rotationValue = value
	text = \"Set rotation to:\" + str(rotationValue)
	

func _on_Button_pressed():
	get_node(\"../../floor/foot\").global_rotation = rotationValue
"

[sub_resource type="GDScript" id=3]
script/source = "tool
extends Button

export var newScale:Vector2 = Vector2(1,1)

func _ready():
	text = \"set scale of blue to: \" + str(newScale)

func _on_ShapeSet_pressed():
	get_node(\"../../floor\").scale = newScale
"

[node name="Node2D" type="Node2D"]

[node name="player" type="Sprite" parent="."]
modulate = Color( 1, 0, 0, 1 )
position = Vector2( 443.811, 276.865 )
scale = Vector2( 1.039, 0.981652 )
texture = ExtResource( 1 )
script = SubResource( 1 )

[node name="floor" type="Sprite" parent="."]
position = Vector2( 422, 188 )
texture = ExtResource( 1 )

[node name="foot" type="Node2D" parent="floor"]
position = Vector2( 1124.4, 23.5074 )
scale = Vector2( 0.640713, 0.895245 )

[node name="CanvasLayer" type="CanvasLayer" parent="."]

[node name="HSlider" type="HSlider" parent="CanvasLayer"]
margin_left = 10.0
margin_top = 10.0
margin_right = 150.0
margin_bottom = 26.0
max_value = 360.0
value = 45.0
ticks_on_borders = true

[node name="Button" type="Button" parent="CanvasLayer"]
margin_left = 10.0
margin_top = 30.0
margin_right = 96.0
margin_bottom = 50.0
text = "Set rotation"
script = SubResource( 2 )

[node name="ShapeSet" type="Button" parent="CanvasLayer"]
margin_left = 370.0
margin_top = 60.0
margin_right = 382.0
margin_bottom = 80.0
text = "set scale of red to: (1, 1)"
script = SubResource( 3 )

[node name="ShapeSet2" type="Button" parent="CanvasLayer"]
margin_left = 370.0
margin_top = 90.0
margin_right = 382.0
margin_bottom = 110.0
text = "set scale of red to: (1, 1.1)"
script = SubResource( 3 )
newScale = Vector2( 1, 1.25 )

[node name="ShapeSet3" type="Button" parent="CanvasLayer"]
margin_left = 370.0
margin_top = 30.0
margin_right = 382.0
margin_bottom = 50.0
text = "set scale of red to: (1.1, 1)"
script = SubResource( 3 )
newScale = Vector2( 1.25, 1 )

[node name="Label" type="Label" parent="."]
margin_left = 600.0
margin_top = 180.0
margin_right = 996.0
margin_bottom = 279.0
text = "When the blue object is not scaled evenly (scale.x != scale.y)
reading a child node's global_rotation cause it to trend toward
an axis.

Set the rotation with the slider and the button. Set scales with
the buttons above "
[connection signal="value_changed" from="CanvasLayer/HSlider" to="CanvasLayer/Button" method="_on_HSlider_value_changed"]
[connection signal="pressed" from="CanvasLayer/Button" to="CanvasLayer/Button" method="_on_Button_pressed"]
[connection signal="pressed" from="CanvasLayer/ShapeSet" to="CanvasLayer/ShapeSet" method="_on_ShapeSet_pressed"]
[connection signal="pressed" from="CanvasLayer/ShapeSet2" to="CanvasLayer/ShapeSet2" method="_on_ShapeSet_pressed"]
[connection signal="pressed" from="CanvasLayer/ShapeSet3" to="CanvasLayer/ShapeSet3" method="_on_ShapeSet_pressed"]
